@misc{UAVhistory,
	author       = {Shea O'Donnell}, 
	title        = {A Short History of Unmanned Aerial Vehicles},
	howpublished = {\url{https://consortiq.com/media-centre/blog/short-history-unmanned-aerial-vehicles-uavs}}
}

@misc{UAVusage,
	author       = {Divya Joshi}, 
	title        = {Explioring the latest drone technology for commercial, industrial and military drone uses},
	howpublished = {\url{https://www.businessinsider.com/drone-technology-uses-2017-7?IR=T}}
}

@misc{Predatorprogrambudget,
	author		 = {United States Special Operations Command},
	title        = {Exhibit R-2, RDT\&E Budget Item Justification},
	howpublished = {\url{https://apps.dtic.mil/descriptivesum/Y2012/Other/stamped/0305219BB_7_PB_2012.pdf}}
}

@misc{Predatorunitbudget,
	author		 = {United States Department of the Air Force},
	title        = {Department of the Air Force Fiscal Year 2011 Budget Estimates},
	howpublished = {\url{http://www.saffm.hq.af.mil/shared/media/document/AFD-100128-072.pdf}}
}

@misc{Goldman,
	author       = {Goldman Sachs}, 
	title        = {DRONES, Reporting for work},
	howpublished = {\url{https://www.goldmansachs.com/insights/technology-driving-innovation/drones/}}
}

@misc{AUVSI,
	author       = {AUVSI}, 
	title        = {The Economic Impact of Unmanned Aircraft Systems Integration in the United States},
	howpublished = {\url{https://www.auvsi.org/our-impact/economic-report}}
}